<record><leader>00000cas a22000007a 4500</leader><controlfield tag="001">12020661</controlfield><controlfield tag="008">850510d19501950inudn ne      0    0eng d</controlfield><datafield ind1=" " ind2=" " tag="010"><subfield code="a">sn 85047570 </subfield></datafield><datafield ind1=" " ind2=" " tag="040"><subfield code="a">NPI</subfield><subfield code="b">eng</subfield><subfield code="c">NPI</subfield><subfield code="d">IUL</subfield><subfield code="d">OCLCQ</subfield><subfield code="d">IUL</subfield><subfield code="d">OCLCQ</subfield><subfield code="d">OCLCF</subfield><subfield code="d">IUL</subfield><subfield code="d">OCL</subfield></datafield><datafield ind1=" " ind2=" " tag="042"><subfield code="a">msc</subfield></datafield><datafield ind1=" " ind2=" " tag="043"><subfield code="a">n-us-in</subfield></datafield><datafield ind1="0" ind2="0" tag="245"><subfield code="a">Daily herald-telephone and The evening world.</subfield></datafield><datafield ind1=" " ind2=" " tag="260"><subfield code="a">Bloomington, Ind. :</subfield><subfield code="b">Bloomington Newspapers,</subfield><subfield code="c">1950.</subfield></datafield><datafield ind1=" " ind2=" " tag="300"><subfield code="a">1 v. :</subfield><subfield code="b">ill.</subfield></datafield><datafield ind1=" " ind2=" " tag="310"><subfield code="a">Daily (except Sundays)</subfield></datafield><datafield ind1="0" ind2=" " tag="362"><subfield code="a">Vol. 74, no. 44 (July 3, 1950)-v. 74, no. 56 (July 18, 1950).</subfield></datafield><datafield ind1=" " ind2=" " tag="580"><subfield code="a">Merged with: Bloomington daily herald; to form: World telephone.</subfield></datafield><datafield ind1=" " ind2="0" tag="651"><subfield code="a">Bloomington (Ind.)</subfield><subfield code="v">Newspapers.</subfield></datafield><datafield ind1=" " ind2="0" tag="651"><subfield code="a">Monroe County (Ind.)</subfield><subfield code="v">Newspapers.</subfield></datafield><datafield ind1=" " ind2="7" tag="651"><subfield code="a">Indiana</subfield><subfield code="z">Monroe County.</subfield><subfield code="2">fast</subfield><subfield code="0">(OCoLC)fst01205536</subfield></datafield><datafield ind1=" " ind2="7" tag="651"><subfield code="a">Indiana</subfield><subfield code="z">Bloomington.</subfield><subfield code="2">fast</subfield><subfield code="0">(OCoLC)fst01210515</subfield></datafield><datafield ind1=" " ind2="7" tag="655"><subfield code="a">Newspapers.</subfield><subfield code="2">fast</subfield><subfield code="0">(OCoLC)fst01423814</subfield></datafield><datafield ind1=" " ind2=" " tag="752"><subfield code="a">United States</subfield><subfield code="b">Indiana</subfield><subfield code="c">Monroe</subfield><subfield code="d">Bloomington.</subfield></datafield><datafield ind1="1" ind2="4" tag="780"><subfield code="t">Bloomington daily herald</subfield><subfield code="w">(DLC)sn 85047569</subfield><subfield code="w">(OCoLC)12020568</subfield></datafield><datafield ind1="1" ind2="4" tag="780"><subfield code="t">World telephone</subfield><subfield code="w">(DLC)sn 85047568</subfield><subfield code="w">(OCoLC)12020612</subfield></datafield><datafield ind1="0" ind2="0" tag="785"><subfield code="t">Daily herald-telephone</subfield><subfield code="w">(DLC)sn 85047572</subfield><subfield code="w">(OCoLC)12021142</subfield></datafield><datafield ind1="1" ind2=" " tag="029"><subfield code="a">AU@</subfield><subfield code="b">000020104137</subfield></datafield></record>